@article{poli2007particle,
  title={Particle swarm optimization},
  author={Poli, Riccardo and Kennedy, James and Blackwell, Tim},
  journal={Swarm intelligence},
  volume={1},
  number={1},
  pages={33--57},
  year={2007},
  publisher={Springer}
}

@online{sfc08,
author = {František Vítězslav Zbořil},
title = {Optimalizační algoritmy ACO a PSO},
year = {2013},
url = {https://www.fit.vutbr.cz/study/courses/SFC/private/13sfc\_8.pdf},
}

@article{molga2005test,
  title={Test functions for optimization needs},
  author={Molga, Marcin and Smutnicki, Czes{\l}aw},
  journal={Test functions for optimization needs},
  year={2005}
}

@thesis{neng,
author = {Petr Šebek},
title = {Nástroj pro výpočet Nashova ekvilibria v nekooperativních hrách s nenulovým součtem},
type = {bakalářská práce},
institution = {FIT VUT v Brně},
year = {2013},
}

@InProceedings{eberhat1995particle,
author = {J. Kennedy, R. Eberhart},
title = {Particle Swarm Optimization},
booktitle = {IEEE International Conference on In Neural Network},
OPTpages = {1942-1948},
OPTyear = {1995},
OPTvolume = {4},
}